%% Created using Papers on Wed, 11 Dec 2013.
%% http://papersapp.com/papers/

@article{Bendall:2011bm,
author = {Bendall, S C and Simonds, E F and Qiu, P and Amir, E a D and Krutzik, P O and Finck, R and Bruggner, R V and Melamed, R and Trejo, A and Ornatsky, O I and Balderas, R S and Plevritis, S K and Sachs, K and Pe'er, D and Tanner, S D and Nolan, G P},
title = {{Single-Cell Mass Cytometry of Differential Immune and Drug Responses Across a Human Hematopoietic Continuum}},
journal = {Science},
year = {2011},
volume = {332},
number = {6030},
pages = {687--696},
month = may
}

@article{VanderMaaten:2008tm,
author = {Van der Maaten, Laurens and Hinton, Geoffrey},
title = {{Visualizing data using t-SNE}},
journal = {Journal of Machine Learning Research},
year = {2008},
volume = {9},
number = {2579-2605},
pages = {85}
}

@article{Amir:2013jp,
author = {Amir, El-ad David and Davis, Kara L and Tadmor, Michelle D and Simonds, Erin F and Levine, Jacob H and Bendall, Sean C and Shenfeld, Daniel K and Krishnaswamy, Smita and Nolan, Garry P and Pe'er, Dana},
title = {{viSNE enables visualization of high dimensional single-cell data and reveals phenotypic heterogeneity of leukemia}},
journal = {Nature Biotechnology},
year = {2013},
volume = {31},
number = {6},
pages = {545--552},
month = jun
}

@inproceedings{Nam:2004jm,
author = {Nam, Kijoeng and Je, Hongmo and Choi, Seungjin},
title = {{Fast stochastic neighbor embedding: a trust-region algorithm}},
booktitle = {Neural Networks, 2004. Proceedings. 2004 IEEE International Joint Conference on},
year = {2004}
}

@article{Vladymyrov:2012ws,
author = {Vladymyrov, Max and Carreira-Perpinan, Miguel},
title = {{Partial-Hessian strategies for fast learning of nonlinear embeddings}},
journal = {arXiv preprint arXiv:1206.4646},
year = {2012}
}

@article{Crammer:2002uy,
author = {Crammer, Koby and Singer, Yoram},
title = {{On the algorithmic implementation of multiclass kernel-based vector machines}},
journal = {The Journal of Machine Learning Research},
year = {2002},
volume = {2},
pages = {265--292},
month = mar
}

